% This file was created with JabRef 2.10.
% Encoding: Cp1252


@inproceedings{DBLP:conf/qest/KwiatkowskaNP06,
  author    = {Marta Z. Kwiatkowska and
               Gethin Norman and
               David Parker},
  title     = {Game-based Abstraction for Markov Decision Processes},
  booktitle = {({QEST} 2006)},
  pages     = {157--166},
  year      = {2006},
  crossref  = {DBLP:conf/qest/2006},
  doi       = {10.1109/QEST.2006.19},
  timestamp = {Thu, 15 Jun 2017 21:45:21 +0200},
  bibsource = {dblp computer science bibliography, https://dblp.org}
}
@proceedings{DBLP:conf/qest/2006,
  title     = {({QEST} 2006)},
  publisher = {{IEEE} Computer Society},
  year      = {2006},
  isbn      = {0-7695-2665-9},
  timestamp = {Fri, 08 Aug 2014 15:28:22 +0200},
  bibsource = {dblp computer science bibliography, https://dblp.org}
}

@article{DBLP:journals/sttt/DavidLLMP15,
  author    = {Alexandre David and
               Kim G. Larsen and
               Axel Legay and
               Marius Mikucionis and
               Danny B{\o}gsted Poulsen},
  title     = {Uppaal {SMC} tutorial},
  journal   = {{STTT}},
  volume    = {17},
  number    = {4},
  pages     = {397--415},
  year      = {2015},
  doi       = {10.1007/s10009-014-0361-y},
  timestamp = {Thu, 18 May 2017 09:53:11 +0200},
  bibsource = {dblp computer science bibliography, https://dblp.org}
}

@inproceedings{DBLP:conf/formats/DavidLLMPVW11,
  author    = {Alexandre David and
               Kim G. Larsen and
               Axel Legay and
               Marius Mikucionis and
               Danny B{\o}gsted Poulsen and
               Jonas van Vliet and
               Zheng Wang},
  title     = {Statistical Model Checking for Networks of Priced Timed Automata},
  booktitle = {{FORMATS} 2011},
  pages     = {80--96},
  year      = {2011},
  crossref  = {DBLP:conf/formats/2011},
  doi       = {10.1007/978-3-642-24310-3\_7},
  timestamp = {Fri, 26 May 2017 00:50:17 +0200},
  bibsource = {dblp computer science bibliography, https://dblp.org}
}

@article{david2014statistical,
  title={Statistical model checking of dynamic networks of stochastic hybrid automata},
  author={David, Alexandre and Larsen, Kim G and Legay, Axel and Poulsen, Danny B{\o}gsted},
  journal={Electronic Communications of the EASST},
  volume={66},
   year = {2014},
   series = {Automated Verification of Critical Systems 2013},
   doi = {10.14279/tuj.eceasst.66.893},
}
@proceedings{DBLP:conf/formats/2011,
  editor    = {Uli Fahrenberg and
               Stavros Tripakis},
  title     = {{FORMATS} 2011},
  volume    = {6919},
  publisher = {Springer},
  year      = {2011},
  doi       = {10.1007/978-3-642-24310-3},
  isbn      = {978-3-642-24309-7},
  timestamp = {Fri, 26 May 2017 00:50:17 +0200},
  bibsource = {dblp computer science bibliography, https://dblp.org}
}


@InProceedings{David-et-al2014,
  Title                    = {On Time with Minimal Expected Cost!},
  Author                   = {David, Alexandre
and Jensen, Peter Gj{\o}l
and Larsen, Kim Guldstrand
and Legay, Axel
and Lime, Didier
and S{\o}rensen, Mathias Grund
and Taankvist, Jakob Haahr},
  Booktitle                = {{ATVA} 2014},
  Year                     = {2014},
  Pages                    = {129--145},
  Publisher                = {Springer}
}

@InProceedings{David-et-al2015,
  Title                    = {{Uppaal Stratego}},
  Author                   = {David, Alexandre
and Jensen, Peter Gj{\o}l
and Larsen, Kim Guldstrand
and Miku{\v{c}}ionis, Marius
and Taankvist, Jakob Haahr},
  Booktitle                = {{TACAS} 2015},
  Year                     = {2015},
  Pages                    = {206--211},
  Publisher                = {Springer}
}

@INPROCEEDINGS{6354636, 
author={D. Henriques and J. G. Martins and P. Zuliani and A. Platzer and E. M. Clarke}, 
booktitle={{QEST} 2012}, 
title={Statistical Model Checking for Markov Decision Processes}, 
year={2012}, 
volume={}, 
number={}, 
pages={84-93}, 
keywords={Markov processes;formal verification;learning (artificial intelligence);sampling methods;statistical analysis;temporal logic;BLTL;MDP;Markov decision process;PRISM simulation framework;SMC;bounded linear temporal logic;probabilistic Markov chain;probability;reinforcement learning;sampling;statistical model checking;symbolic algorithm;verification technique;Computational modeling;Heuristic algorithms;Markov processes;Optimization;Probabilistic logic;Probability;Approximate Planning;Bounded Linear Temporal Logic;Markov Decision Processes;Statistical Model Checking}, 
doi={10.1109/QEST.2012.19}, 
ISSN={}, 
month={Sept},}

@article{DBLP:journals/corr/StrehlLL12,
  author    = {Alexander L. Strehl and
               Lihong Li and
               Michael L. Littman},
  title     = {Incremental Model-based Learners With Formal Learning-Time Guarantees},
  journal   = {{CoRR}},
  volume    = {abs/1206.6870},
  year      = {2012},
  url       = {http://arxiv.org/abs/1206.6870},
  archivePrefix = {arXiv},
  eprint    = {1206.6870},
  timestamp = {Mon, 13 Nov 2017 02:31:07 +0100},
}

@phdthesis{watkins1989learning,
  title={Learning from delayed rewards},
  author={Watkins, Christopher John Cornish Hellaby},
  year={1989},
  school={King's College, Cambridge}
}

@article{welch1947generalization,
  title={The generalization of {S}tudent's problem when several different population variances are involved},
  author={Welch, Bernard L},
  journal={Biometrika},
  volume={34},
  number={1/2},
  pages={28--35},
  year={1947},
  publisher={JSTOR}
}

@InProceedings{10.1007/978-3-662-49674-9_14,
author="Larsen, Kim G.
and Miku{\v{c}}ionis, Marius
and Mu{\~{n}}iz, Marco
and Srba, Ji{\v{r}}{\'i}
and Taankvist, Jakob Haahr",
editor="Chechik, Marsha
and Raskin, Jean-Fran{\c{c}}ois",
title="Online and Compositional Learning of Controllers with Application to Floor Heating",
booktitle="{TACAS} 2016",
year="2016",
publisher="Springer Berlin Heidelberg",
address="Berlin, Heidelberg",
pages="244--259",
isbn="978-3-662-49674-9"
}

@article{eriksen2017a,
  title = {Uppaal Stratego for Intelligent Traffic Lights},
  language = {eng},
  publisher = {ERTICO - ITS Europe},
  author = {Eriksen, Andreas Berre and Huang, Chao and Kildebogaard, Jan and Lahrmann, Harry Spaab√¶k and Larsen, Kim Guldstrand and Muniz, Marco and Taankvist, Jakob Haahr},
  journal = {12th Its European Congress},
  year = {2017},
}

@InProceedings{10.1007/3-540-45605-8_5,
author="D'Argenio, Pedro R.
and Jeannet, Bertrand
and Jensen, Henrik E.
and Larsen, Kim G.",
editor="Hermanns, Holger
and Segala, Roberto",
title="Reduction and Refinement Strategies for Probabilistic Analysis",
booktitle="Process Algebra and Probabilistic Methods: Performance Modeling and Verification",
year="2002",
publisher="Springer Berlin Heidelberg",
address="Berlin, Heidelberg",
pages="57--76",
isbn="978-3-540-45605-6"
}

@article{zimmerman1993rank,
  title={Rank transformations and the power of the {S}tudent t test and {W}elch t$'$ test for non-normal populations with unequal variances.},
  author={Zimmerman, Donald W and Zumbo, Bruno D},
  journal={Canadian Journal of Experimental Psychology},
  volume={47},
  number={3},
  pages={523},
  year={1993},
  publisher={Canadian Psychological Association}
}

@article{kolmogoroff1941,
 ISSN = {00034851},
 URL = {http://www.jstor.org/stable/2235958},
 author = {A. Kolmogoroff},
 journal = {The Annals of Mathematical Statistics},
 number = {4},
 pages = {461--463},
 publisher = {Institute of Mathematical Statistics},
 title = {Confidence Limits for an Unknown Distribution Function},
 volume = {12},
 year = {1941}
}

@InProceedings{bridle1990softmax,
author="Bridle, John S.",
editor="Souli{\'e}, Fran{\c{c}}oise Fogelman
and H{\'e}rault, Jeanny",
title="Probabilistic Interpretation of Feedforward Classification Network Outputs, with Relationships to Statistical Pattern Recognition",
booktitle="Neurocomputing",
year="1990",
publisher="Springer Berlin Heidelberg",
address="Berlin, Heidelberg",
pages="227--236",
isbn="978-3-642-76153-9"
}


@ARTICLE{2018arXiv180311521S,
       author = {{Sun}, Lizhe and {Guo}, Yangzi and {Barbu}, Adrian},
        title = "{A Novel Framework for Online Supervised Learning with Feature Selection}",
      journal = {arXiv e-prints},
     keywords = {Statistics - Machine Learning, Computer Science - Machine Learning},
         year = 2018,
        month = Mar,
          eid = {arXiv:1803.11521},
        pages = {arXiv:1803.11521},
archivePrefix = {arXiv},
       eprint = {1803.11521},
 primaryClass = {stat.ML},
       adsurl = {https://ui.adsabs.harvard.edu/\#abs/2018arXiv180311521S},
      adsnote = {Provided by the SAO/NASA Astrophysics Data System}
}

@Inbook{Larsen2015,
author="Larsen, Kim Guldstrand
and Miku{\v{c}}ionis, Marius
and Taankvist, Jakob Haahr",
title="Safe and Optimal Adaptive Cruise Control",
bookTitle="Correct System Design: Symposium in Honor of Ernst-R{\"u}diger Olderog on the Occasion  of His 60th Birthday, Oldenburg, Germany, September 8-9, 2015, Proceedings",
year="2015",
publisher="Springer International Publishing",
address="Cham",
pages="260--277",
abstract="In a series of contributions Olderog et al. have formulated and verified safety controllers for a number of lane-maneuvers on multi-lane roads. Their work is characterized by great clarity and elegance partly due to the introduction of a special-purpose Multi-Lane Spatial Logic. In this paper, we want to illustrate the potential of current model-checking technology for automatic synthesis of optimal yet safe (collision-free) controllers. We demonstrate this potential on an Adaptive Cruise Control problem, being a small part of the overall safety problem considered by Olderog{\$}{\$}^1{\$}{\$}.",
isbn="978-3-319-23506-6",
doi="10.1007/978-3-319-23506-6_17",
}
@InProceedings{cruise,
  TITLE = {{Guaranteed control synthesis for continuous systems in Uppaal Tiga}},
  AUTHOR = {Larsen, Kim G. and Le Co{\"e}nt, Adrien and Miku{\v c}ionis, Marius and Taankvist, Jakob Haahr},
  URL = {https://hal.archives-ouvertes.fr/hal-02076824},
  NOTE = {working paper or preprint},
  YEAR = {2019},
  MONTH = Mar,
  PDF = {https://hal.archives-ouvertes.fr/hal-02076824/file/continuous_time_uppaal.pdf},
  HAL_ID = {hal-02076824},
  HAL_VERSION = {v1},
}



@InProceedings{10.1007/978-3-319-63387-9_1,
author="Huang, Xiaowei
and Kwiatkowska, Marta
and Wang, Sen
and Wu, Min",
editor="Majumdar, Rupak
and Kun{\v{c}}ak, Viktor",
title="Safety Verification of Deep Neural Networks",
booktitle="{CAV} 2017",
year="2017",
publisher="Springer International Publishing",
address="Cham",
pages="3--29",
isbn="978-3-319-63387-9"
}

@article{breiman1984classification,
  title={Classification and regression trees},
  author={Breiman, Leo and Friedman, Jerome H and Olshen, Richard A and Stone, Charles J},
  year={1984},
  publisher={Wadsworth \& Brooks/Cole Advanced Books \& Software}
}

@book{sutton2018reinforcement,
  title={Reinforcement learning: An introduction},
  author={Sutton, Richard S and Barto, Andrew G},
  year={2018},
  publisher={MIT press}
}


@article{mnih2015human,
  title={Human-level control through deep reinforcement learning},
  author={Mnih, Volodymyr and Kavukcuoglu, Koray and Silver, David and Rusu, Andrei A and Veness, Joel and Bellemare, Marc G and Graves, Alex and Riedmiller, Martin and Fidjeland, Andreas K and Ostrovski, Georg and others},
  journal={Nature},
  volume={518},
  number={7540},
  pages={529},
  year={2015},
  publisher={Nature Publishing Group}
}

@inproceedings{BFRR-stacs14,
  address =     {Lyon, France},
  author =      {Bruy{\`e}re, V{\'e}ronique and Filiot, Emmanuel and Randour, Mickael and Raskin, Jean-Fran{\c{c}}ois},
  booktitle =   {{STACS} 2014},
  DOI =         {10.4230/LIPIcs.STACS.2014.199},
  editor =      {Portier, Natacha and Mayr, Ernst W.},
  pages =       {199-213},
  publisher =   {Leibniz-Zentrum f{\"u}r Informatik},
  series =      {Leibniz International Proceedings in Informatics},
  title =       {Meet Your Expectations with Guarantees: Beyond Worst-Case Synthesis in Quantitative Games},
  volume =      25,
  year =        {2014},
}

@inproceedings{DBLP:conf/adhs/LunWDA18,
  author    = {Yuriy Zacchia Lun and
               Jack Wheatley and
               Alessandro D'Innocenzo and
               Alessandro Abate},
  title     = {Approximate Abstractions of Markov Chains with Interval Decision Processes},
  booktitle = {{ADHS} 2018},
  pages     = {91--96},
  year      = {2018},
  crossref  = {DBLP:conf/adhs/2018},
  doi       = {10.1016/j.ifacol.2018.08.016},
  timestamp = {Mon, 08 Oct 2018 13:49:26 +0200},
}
@proceedings{DBLP:conf/adhs/2018,
  editor    = {Alessandro Abate and
               Antoine Girard and
               Maurice Heemels},
  title     = {{ADHS} 2018},
  series    = {IFAC-PapersOnLine},
  volume    = {51},
  number    = {16},
  publisher = {Elsevier},
  year      = {2018},
  timestamp = {Mon, 08 Oct 2018 13:49:16 +0200},
}
@article{Barto:1995:LAU:1644719.1644720,
 author = {Barto, Andrew G. and Bradtke, Steven J. and Singh, Satinder P.},
 title = {Learning to Act Using Real-time Dynamic Programming},
 journal = {Artif. Intell.},
 issue_date = {January, 1995},
 volume = {72},
 number = {1-2},
 month = jan,
 year = {1995},
 issn = {0004-3702},
 pages = {81--138},
 numpages = {58},
 url = {http://dx.doi.org/10.1016/0004-3702(94)00011-O},
 doi = {10.1016/0004-3702(94)00011-O},
 acmid = {1644720},
 publisher = {Elsevier Science Publishers Ltd.},
 address = {Essex, UK},
}

@misc{libprlearn,
  author       = {P. G. Jensen},
  title        = {petergjoel/libprlearn 1.0.1},
  month        = jun,
  year         = 2019,
  doi          = {10.5281/zenodo.3252096},
  url          = {https://doi.org/10.5281/zenodo.3252096}
}
@misc{libstrategy,
  author       = {P. G. Jensen},
  title        = {petergjoel/libstrategy: 1.0.0},
  month        = jun,
  year         = 2019,
  doi          = {10.5281/zenodo.3252098},
  url          = {https://doi.org/10.5281/zenodo.3252098}
}

@misc{repeatability,
  author       = {Jaeger, Manfred and Jensen, Peter Gj{\o}l and Larsen, Kim Guldstrand and Legay, Axel and Sedwards, Sean and Taankvist, Jakob Haahr},
  title        = {{Artifact for "Teaching Stratego to Play Ball : Optimal Synthesis for Continuous Space MDPs"}},
  month        = jun,
  year         = 2019,
  doi          = {10.5281/zenodo.3252074},
  url          = {https://doi.org/10.5281/zenodo.3252074}
}







@article{doi:10.1080/00401706.1962.10490022,
author = { B. P.   Welford },
title = {Note on a Method for Calculating Corrected Sums of Squares and Products},
journal = {Technometrics},
volume = {4},
number = {3},
pages = {419-420},
year  = {1962},
publisher = {Taylor & Francis},
doi = {10.1080/00401706.1962.10490022},

URL = { 
        https://www.tandfonline.com/doi/abs/10.1080/00401706.1962.10490022
    
},
eprint = { 
        https://www.tandfonline.com/doi/pdf/10.1080/00401706.1962.10490022
    
}

}

@inproceedings{crossman2009imprecise,
  title={Imprecise Markov chains with an absorbing state},
  author={Crossman, Richard and Coolen-Schrijner, Pauline and {\v{S}}kulj, Damjan and Coolen, Frank},
  booktitle={Proceedings of the Sixth International Symposium on Imprecise Probability: Theories and Applications (ISIPTA)},
  pages={119--128},
  year={2009},
  organization={Citeseer}
}

@incollection{troffaes2015using,
  title={Using imprecise continuous time Markov chains for assessing the reliability of power networks with common cause failure and non-immediate repair.},
  author={Troffaes, Matthias and Gledhill, Jacob and {\v{S}}kulj, Damjan and Blake, Simon},
  year={2015},
  publisher={SIPTA}
}

@inproceedings{erreygers2018computing,
  title={Computing inferences for large-scale continuous-time Markov chains by combining lumping with imprecision},
  author={Erreygers, Alexander and De Bock, Jasper},
  booktitle={International Conference Series on Soft Methods in Probability and Statistics},
  pages={78--86},
  year={2018},
  organization={Springer}
}

@article{itoh2007partially,
  title={Partially observable Markov decision processes with imprecise parameters},
  author={Itoh, Hideaki and Nakamura, Kiyohiko},
  journal={Artificial Intelligence},
  volume={171},
  number={8-9},
  pages={453--490},
  year={2007},
  publisher={Elsevier}
}

@article{white1994markov,
  title={Markov decision processes with imprecise transition probabilities},
  author={White III, Chelsea C and Eldeib, Hany K},
  journal={Operations Research},
  volume={42},
  number={4},
  pages={739--749},
  year={1994},
  publisher={INFORMS}
}

@article{rubino1991finite,
  title={A finite characterization of weak lumpable Markov processes. Part I: The discrete time case},
  author={Rubino, Gerardo and Sericola, Bruno},
  journal={Stochastic processes and their applications},
  volume={38},
  number={2},
  pages={195--204},
  year={1991},
  publisher={Elsevier}
}

@article{derisavi2003optimal,
  title={Optimal state-space lumping in Markov chains},
  author={Derisavi, Salem and Hermanns, Holger and Sanders, William H},
  journal={Information Processing Letters},
  volume={87},
  number={6},
  pages={309--315},
  year={2003},
  publisher={Elsevier Science}
}

@article{chen2013complexity,
  title={On the complexity of model checking interval-valued discrete time Markov chains},
  author={Chen, Taolue and Han, Tingting and Kwiatkowska, Marta},
  journal={Information Processing Letters},
  volume={113},
  number={7},
  pages={210--216},
  year={2013},
  publisher={Elsevier}
}

@Book{cohn1980,
  author = 	 {D. L. Cohn},
  title = 	 {Measure Theory},
  publisher = 	 {Birkh√§user},
  year = 	 1980}


@Book{Billingsley1986,
  author = 	 {P. Billingsley},
  title = 	 {Probability and Measure},
  publisher = 	 {John Wiley},
  year = 	 1986,
  edition = 	 {Second Edition}}

@Book{Puterman2005,
  author = 	 {M. L. Puterman},
  title = 	 {Markov Decision Processes},
  publisher = 	 {Wiley},
  year = 	 2005}

@inproceedings{jaeger2019teaching,
  title={Teaching Stratego to Play Ball: Optimal Synthesis for Continuous Space MDPs},
  author={Jaeger, Manfred and Jensen, Peter Gj{\o}l and Larsen, Kim Guldstrand and Legay, Axel and Sedwards, Sean and Taankvist, Jakob Haahr},
  booktitle={International Symposium on Automated Technology for Verification and Analysis},
  pages={81--97},
  year={2019},
  organization={Springer}
}

@inproceedings{jaeger2020approximating,
  title={Approximating euclidean by imprecise Markov decision processes},
  author={Jaeger, Manfred and Bacci, Giorgio and Bacci, Giovanni and Larsen, Kim Guldstrand and Jensen, Peter Gj{\o}l},
  booktitle={Leveraging Applications of Formal Methods, Verification and Validation: Verification Principles: 9th International Symposium on Leveraging Applications of Formal Methods, ISoLA 2020, Rhodes, Greece, October 20--30, 2020, Proceedings, Part I 9},
  pages={275--289},
  year={2020},
  organization={Springer}
}

@article{jaakkola1993convergence,
  title={Convergence of stochastic iterative dynamic programming algorithms},
  author={Jaakkola, Tommi and Jordan, Michael and Singh, Satinder},
  journal={Advances in neural information processing systems},
  volume={6},
  year={1993}
}

@article{song2019efficient,
  title={Efficient model-free reinforcement learning in metric spaces},
  author={Song, Zhao and Sun, Wen},
  journal={arXiv preprint arXiv:1905.00475},
  year={2019}
}

@article{sinclair2019adaptive,
  title={Adaptive discretization for episodic reinforcement learning in metric spaces},
  author={Sinclair, Sean R and Banerjee, Siddhartha and Yu, Christina Lee},
  journal={Proceedings of the ACM on Measurement and Analysis of Computing Systems},
  volume={3},
  number={3},
  pages={1--44},
  year={2019},
  publisher={ACM New York, NY, USA}
}

@inproceedings{TASE22,

  author       = {Imran Riaz Hasrat and

                  Peter Gj{\o}l Jensen and

                  Kim Guldstrand Larsen and

                  Jir{\'{\i}} Srba},

  editor       = {Yamine A{\"{\i}}t Ameur and

                  Florin Craciun},

  title        = {End-to-End Heat-Pump Control Using Continuous Time Stochastic Modelling

                  and Uppaal Stratego},

  booktitle    = {Theoretical Aspects of Software Engineering - 16th International Symposium,

                  {TASE} 2022, Cluj-Napoca, Romania, July 8-10, 2022, Proceedings},

  series       = {Lecture Notes in Computer Science},

  volume       = {13299},

  pages        = {363--380},

  publisher    = {Springer},

  year         = {2022},

  url          = {https://doi.org/10.1007/978-3-031-10363-6\_24},

  doi          = {10.1007/978-3-031-10363-6\_24},

  timestamp    = {Tue, 21 Mar 2023 20:59:37 +0100},

  biburl       = {https://dblp.org/rec/conf/tase/HasratJLS22.bib},

  bibsource    = {dblp computer science bibliography, https://dblp.org}

}

 

 

@inproceedings{ICAPS22,

  author       = {Simon B{\o}gh and

                  Peter Gj{\o}l Jensen and

                  Martin Kristjansen and

                  Kim Guldstrand Larsen and

                  Ulrik Nyman},

  editor       = {Akshat Kumar and

                  Sylvie Thi{\'{e}}baux and

                  Pradeep Varakantham and

                  William Yeoh},

  title        = {Distributed Fleet Management in Noisy Environments via Model-Predictive

                  Control},

  booktitle    = {Proceedings of the Thirty-Second International Conference on Automated

                  Planning and Scheduling, {ICAPS} 2022, Singapore (virtual), June 13-24,

                  2022},

  pages        = {565--573},

  publisher    = {{AAAI} Press},

  year         = {2022},

  url          = {https://ojs.aaai.org/index.php/ICAPS/article/view/19843},

  timestamp    = {Wed, 20 Jul 2022 14:27:38 +0200},

  biburl       = {https://dblp.org/rec/conf/aips/BoghJKLN22.bib},

  bibsource    = {dblp computer science bibliography, https://dblp.org}

}

 

 

@inproceedings{TACAS16,

  author       = {Kim G. Larsen and

                  Marius Mikucionis and

                  Marco Mu{\~{n}}iz and

                  Jir{\'{\i}} Srba and

                  Jakob Haahr Taankvist},

  editor       = {Marsha Chechik and

                  Jean{-}Fran{\c{c}}ois Raskin},

  title        = {Online and Compositional Learning of Controllers with Application

                  to Floor Heating},

  booktitle    = {Tools and Algorithms for the Construction and Analysis of Systems

                  - 22nd International Conference, {TACAS} 2016, Held as Part of the

                  European Joint Conferences on Theory and Practice of Software, {ETAPS}

                  2016, Eindhoven, The Netherlands, April 2-8, 2016, Proceedings},

  series       = {Lecture Notes in Computer Science},

  volume       = {9636},

  pages        = {244--259},

  publisher    = {Springer},

  year         = {2016},

  url          = {https://doi.org/10.1007/978-3-662-49674-9\_14},

  doi          = {10.1007/978-3-662-49674-9\_14},

  timestamp    = {Tue, 21 Mar 2023 20:57:24 +0100},

  biburl       = {https://dblp.org/rec/conf/tacas/LarsenMMST16.bib},

  bibsource    = {dblp computer science bibliography, https://dblp.org}

}

 

 

@inproceedings{ADHS21,

  author       = {Martijn A. Goorden and

                  Kim G. Larsen and

                  Jesper E. Nielsen and

                  Thomas D. Nielsen and

                  Michael R. Rasmussen and

                  Jir{\'{\i}} Srba},

  editor       = {Rapha{\"{e}}l M. Jungers and

                  Necmiye Ozay and

                  Alessandro Abate},

  title        = {Learning Safe and Optimal Control Strategies for Storm Water Detention

                  Ponds},

  booktitle    = {7th {IFAC} Conference on Analysis and Design of Hybrid Systems, {ADHS}

                  2021, Brussels, Belgium, July 7-9, 2021},

  series       = {IFAC-PapersOnLine},

  volume       = {54},

  number       = {5},

  pages        = {13--18},

  publisher    = {Elsevier},

  year         = {2021},

  url          = {https://doi.org/10.1016/j.ifacol.2021.08.467},

  doi          = {10.1016/j.ifacol.2021.08.467},

  timestamp    = {Tue, 21 Mar 2023 20:59:05 +0100},

  biburl       = {https://dblp.org/rec/conf/adhs/GoordenLNNRS21.bib},

  bibsource    = {dblp computer science bibliography, https://dblp.org}

}

 

@inproceedings{ATVA22,

  author       = {Martijn A. Goorden and

                  Peter Gj{\o}l Jensen and

                  Kim G. Larsen and

                  Mihhail Samusev and

                  Jir{\'{\i}} Srba and

                  Guohan Zhao},

  editor       = {Ahmed Bouajjani and

                  Luk{\'{a}}s Hol{\'{\i}}k and

                  Zhilin Wu},

  title        = {{STOMPC:} Stochastic Model-Predictive Control with Uppaal Stratego},

  booktitle    = {Automated Technology for Verification and Analysis - 20th International

                  Symposium, {ATVA} 2022, Virtual Event, October 25-28, 2022, Proceedings},

  series       = {Lecture Notes in Computer Science},

  volume       = {13505},

  pages        = {327--333},

  publisher    = {Springer},

  year         = {2022},

  url          = {https://doi.org/10.1007/978-3-031-19992-9\_21},

  doi          = {10.1007/978-3-031-19992-9\_21},

  timestamp    = {Tue, 21 Mar 2023 20:59:41 +0100},

  biburl       = {https://dblp.org/rec/conf/atva/GoordenJLSSZ22.bib},

  bibsource    = {dblp computer science bibliography, https://dblp.org}

}@inproceedings{TRP48,

  author       = {Andreas Berre Eriksen and Harry Lahrmann and Kim Guldstrand Larsen and Jakob Haahr Taankvist},

  title        = {Controlling Signalized Intersections using Machine Learning},

  booktitle    = {World Conference on Transport Research},

  series       = {Transportation Research Procedia},

  volume       = {48},

  pages        = {987-997},

  publisher    = {Science Direct},

  year         = {2020},

}

 

 

 

@inproceedings{ATVA19,

  author       = {Manfred Jaeger and

                  Peter Gj{\o}l Jensen and

                  Kim Guldstrand Larsen and

                  Axel Legay and

                  Sean Sedwards and

                  Jakob Haahr Taankvist},

  editor       = {Yu{-}Fang Chen and

                  Chih{-}Hong Cheng and

                  Javier Esparza},

  title        = {Teaching Stratego to Play Ball: Optimal Synthesis for Continuous Space

                  MDPs},

  booktitle    = {Automated Technology for Verification and Analysis - 17th International

                  Symposium, {ATVA} 2019, Taipei, Taiwan, October 28-31, 2019, Proceedings},

  series       = {Lecture Notes in Computer Science},

  volume       = {11781},

  pages        = {81--97},

  publisher    = {Springer},

  year         = {2019},

  url          = {https://doi.org/10.1007/978-3-030-31784-3\_5},

  doi          = {10.1007/978-3-030-31784-3\_5},

  timestamp    = {Tue, 21 Mar 2023 20:59:41 +0100},

  biburl       = {https://dblp.org/rec/conf/atva/JaegerJLLST19.bib},

  bibsource    = {dblp computer science bibliography, https://dblp.org}

}

 

 

@inproceedings{FORTE20,

  author       = {Timo P. Gros and

                  Holger Hermanns and

                  J{\"{o}}rg Hoffmann and

                  Michaela Klauck and

                  Marcel Steinmetz},

  editor       = {Alexey Gotsman and

                  Ana Sokolova},

  title        = {Deep Statistical Model Checking},

  booktitle    = {Formal Techniques for Distributed Objects, Components, and Systems

                  - 40th {IFIP} {WG} 6.1 International Conference, {FORTE} 2020, Held

                  as Part of the 15th International Federated Conference on Distributed

                  Computing Techniques, DisCoTec 2020, Valletta, Malta, June 15-19,

                  2020, Proceedings},

  series       = {Lecture Notes in Computer Science},

  volume       = {12136},

  pages        = {96--114},

  publisher    = {Springer},

  year         = {2020},

  url          = {https://doi.org/10.1007/978-3-030-50086-3\_6},

  doi          = {10.1007/978-3-030-50086-3\_6},

  timestamp    = {Wed, 10 Jun 2020 16:51:13 +0200},

  biburl       = {https://dblp.org/rec/conf/forte/GrosH0KS20.bib},

  bibsource    = {dblp computer science bibliography, https://dblp.org}

}

 

 

@inproceedings{TACAS15,

  author       = {Alexandre David and

                  Peter Gj{\o}l Jensen and

                  Kim Guldstrand Larsen and

                  Marius Mikucionis and

                  Jakob Haahr Taankvist},

  editor       = {Christel Baier and

                  Cesare Tinelli},

  title        = {Uppaal Stratego},

  booktitle    = {Tools and Algorithms for the Construction and Analysis of Systems

                  - 21st International Conference, {TACAS} 2015, Held as Part of the

                  European Joint Conferences on Theory and Practice of Software, {ETAPS}

                  2015, London, UK, April 11-18, 2015. Proceedings},

  series       = {Lecture Notes in Computer Science},

  volume       = {9035},

  pages        = {206--211},

  publisher    = {Springer},

  year         = {2015},

  url          = {https://doi.org/10.1007/978-3-662-46681-0\_16},

  doi          = {10.1007/978-3-662-46681-0\_16},

  timestamp    = {Sat, 19 Oct 2019 20:18:52 +0200},

  biburl       = {https://dblp.org/rec/conf/tacas/DavidJLMT15.bib},

  bibsource    = {dblp computer science bibliography, https://dblp.org}

}

 

@inproceedings{ATVA14,

  author       = {Alexandre David and

                  Peter Gj{\o}l Jensen and

                  Kim Guldstrand Larsen and

                  Axel Legay and

                  Didier Lime and

                  Mathias Grund S{\o}rensen and

                  Jakob Haahr Taankvist},

  editor       = {Franck Cassez and

                  Jean{-}Fran{\c{c}}ois Raskin},

  title        = {On Time with Minimal Expected Cost!},

  booktitle    = {Automated Technology for Verification and Analysis - 12th International

                  Symposium, {ATVA} 2014, Sydney, NSW, Australia, November 3-7, 2014,

                  Proceedings},

  series       = {Lecture Notes in Computer Science},

  volume       = {8837},

  pages        = {129--145},

  publisher    = {Springer},

  year         = {2014},

  url          = {https://doi.org/10.1007/978-3-319-11936-6\_10},

  doi          = {10.1007/978-3-319-11936-6\_10},

  timestamp    = {Sat, 19 Oct 2019 20:02:02 +0200},

  biburl       = {https://dblp.org/rec/conf/atva/DavidJLLLST14.bib},

  bibsource    = {dblp computer science bibliography, https://dblp.org}

}

 

 

@article{UPPAAL,

  author       = {Kim Guldstrand Larsen and

                  Paul Pettersson and

                  Wang Yi},

  title        = {{UPPAAL} in a Nutshell},

  journal      = {Int. J. Softw. Tools Technol. Transf.},

  volume       = {1},

  number       = {1-2},

  pages        = {134--152},

  year         = {1997},

  url          = {https://doi.org/10.1007/s100090050010},

  doi          = {10.1007/s100090050010},

  timestamp    = {Thu, 02 Apr 2020 08:37:20 +0200},

  biburl       = {https://dblp.org/rec/journals/sttt/LarsenPY97.bib},

  bibsource    = {dblp computer science bibliography, https://dblp.org}

}

@inproceedings{KeYmaera,

  author       = {Andr{\'{e}} Platzer and

                  Jan{-}David Quesel},

  editor       = {Alessandro Armando and

                  Peter Baumgartner and

                  Gilles Dowek},

  title        = {KeYmaera: {A} Hybrid Theorem Prover for Hybrid Systems (System Description)},

  booktitle    = {Automated Reasoning, 4th International Joint Conference, {IJCAR} 2008,

                  Sydney, Australia, August 12-15, 2008, Proceedings},

  series       = {Lecture Notes in Computer Science},

  volume       = {5195},

  pages        = {171--178},

  publisher    = {Springer},

  year         = {2008},

  url          = {https://doi.org/10.1007/978-3-540-71070-7\_15},

  doi          = {10.1007/978-3-540-71070-7\_15},

  timestamp    = {Tue, 14 May 2019 10:00:39 +0200},

  biburl       = {https://dblp.org/rec/conf/cade/PlatzerQ08.bib},

  bibsource    = {dblp computer science bibliography, https://dblp.org}

}@inproceedings{Modest,

author = {Arnd Hartmanns and

Holger Hermanns},

editor = {Erika {\'{A}}brah{\'{a}}m and

Klaus Havelund},

title = {The Modest Toolset: An Integrated Environment for Quantitative Modelling

and Verification},

booktitle = {Tools and Algorithms for the Construction and Analysis of Systems

- 20th International Conference, {TACAS} 2014, Held as Part of the

European Joint Conferences on Theory and Practice of Software, {ETAPS}

2014, Grenoble, France, April 5-13, 2014. Proceedings},

series = {Lecture Notes in Computer Science},

volume = {8413},

pages = {593--598},

publisher = {Springer},

year = {2014},

url = {https://doi.org/10.1007/978-3-642-54862-8\_51},

doi = {10.1007/978-3-642-54862-8\_51},

timestamp = {Tue, 14 May 2019 10:00:53 +0200},

biburl = {https://dblp.org/rec/conf/tacas/HartmannsH14.bib},

bibsource = {dblp computer science bibliography, https://dblp.org}

}

 

@inproceedings{Storm,

  author       = {Christian Dehnert and

                  Sebastian Junges and

                  Joost{-}Pieter Katoen and

                  Matthias Volk},

  editor       = {Rupak Majumdar and

                  Viktor Kuncak},

  title        = {A Storm is Coming: {A} Modern Probabilistic Model Checker},

  booktitle    = {Computer Aided Verification - 29th International Conference, {CAV}

                  2017, Heidelberg, Germany, July 24-28, 2017, Proceedings, Part {II}},

  series       = {Lecture Notes in Computer Science},

  volume       = {10427},

  pages        = {592--600},

  publisher    = {Springer},

  year         = {2017},

  url          = {https://doi.org/10.1007/978-3-319-63390-9\_31},

  doi          = {10.1007/978-3-319-63390-9\_31},

  timestamp    = {Sat, 05 Sep 2020 17:55:21 +0200},

  biburl       = {https://dblp.org/rec/conf/cav/DehnertJK017.bib},

  bibsource    = {dblp computer science bibliography, https://dblp.org}

}@inproceedings{Prism,

  author       = {Marta Z. Kwiatkowska and

                  Gethin Norman and

                  David Parker},

  editor       = {Tony Field and

                  Peter G. Harrison and

                  Jeremy T. Bradley and

                  Uli Harder},

  title        = {{PRISM:} Probabilistic Symbolic Model Checker},

  booktitle    = {Computer Performance Evaluation, Modelling Techniques and Tools 12th

                  International Conference, {TOOLS} 2002, London, UK, April 14-17, 2002,

                  Proceedings},

  series       = {Lecture Notes in Computer Science},

  volume       = {2324},

  pages        = {200--204},

  publisher    = {Springer},

  year         = {2002},

  url          = {https://doi.org/10.1007/3-540-46029-2\_13},

  doi          = {10.1007/3-540-46029-2\_13},

  timestamp    = {Sat, 09 Apr 2022 12:47:36 +0200},

  biburl       = {https://dblp.org/rec/conf/cpe/KwiatkowskaNP02.bib},

  bibsource    = {dblp computer science bibliography, https://dblp.org}

}

 

@inproceedings{HerberAL21,

  author       = {Paula Herber and

                  Julius Adelt and

                  Timm Liebrenz},

  editor       = {Sebastian G{\"{o}}tz and

                  Lukas Linsbauer and

                  Ina Schaefer and

                  Andreas Wortmann},

  title        = {Formal Verification of Intelligent Cyber-Physical Systems with the

                  Interactive Theorem Prover KeYmaera {X}},

  booktitle    = {Proceedings of the Software Engineering 2021 Satellite Events, Braunschweig/Virtual,

                  Germany, February 22 - 26, 2021},

  series       = {{CEUR} Workshop Proceedings},

  volume       = {2814},

  publisher    = {CEUR-WS.org},

  year         = {2021},

  url          = {https://ceur-ws.org/Vol-2814/short-A3-2.pdf},

  timestamp    = {Fri, 10 Mar 2023 16:22:19 +0100},

  biburl       = {https://dblp.org/rec/conf/se/HerberAL21.bib},

  bibsource    = {dblp computer science bibliography, https://dblp.org}

}

 

@inproceedings{Kim1,

  author       = {Edoardo Bacci and

                  David Parker},

  editor       = {Jyotirmoy V. Deshmukh and

                  Klaus Havelund and

                  Ivan Perez},

  title        = {Verified Probabilistic Policies for Deep Reinforcement Learning},

  booktitle    = {{NASA} Formal Methods - 14th International Symposium, {NFM} 2022,

                  Pasadena, CA, USA, May 24-27, 2022, Proceedings},

  series       = {Lecture Notes in Computer Science},

  volume       = {13260},

  pages        = {193--212},

  publisher    = {Springer},

  year         = {2022},

 url          = {https://doi.org/10.1007/978-3-031-06773-0\_10},

  doi          = {10.1007/978-3-031-06773-0\_10},

  timestamp    = {Thu, 02 Jun 2022 16:43:23 +0200},

  biburl       = {https://dblp.org/rec/conf/nfm/BacciP22.bib},

  bibsource    = {dblp computer science bibliography, https://dblp.org}

}

 

@inproceedings{COOLMC,

  author       = {Dennis Gross and

                  Nils Jansen and

                  Sebastian Junges and

                  Guillermo A. P{\'{e}}rez},

  editor       = {Wei Dong and

                  Jean{-}Pierre Talpin},

  title        = {{COOL-MC:} {A} Comprehensive Tool for Reinforcement Learning and Model

                  Checking},

  booktitle    = {Dependable Software Engineering. Theories, Tools, and Applications

                  - 8th International Symposium, {SETTA} 2022, Beijing, China, October

                  27-29, 2022, Proceedings},

  series       = {Lecture Notes in Computer Science},

  volume       = {13649},

  pages        = {41--49},

  publisher    = {Springer},

  year         = {2022},

  url          = {https://doi.org/10.1007/978-3-031-21213-0\_3},

  doi          = {10.1007/978-3-031-21213-0\_3},

  timestamp    = {Sun, 25 Dec 2022 14:02:35 +0100},

  biburl       = {https://dblp.org/rec/conf/setta/GrossJJP22.bib},

  bibsource    = {dblp computer science bibliography, https://dblp.org}

}

 

@inproceedings{Kim2,

  author       = {Kim G. Larsen and

                  Axel Legay and

                  Gerrit Nolte and

                  Maximilian Schl{\"{u}}ter and

                  Mari{\"{e}}lle Stoelinga and

                  Bernhard Steffen},

  editor       = {Tiziana Margaria and

                  Bernhard Steffen},

  title        = {Formal Methods Meet Machine Learning {(F3ML)}},

  booktitle    = {Leveraging Applications of Formal Methods, Verification and Validation.

                  Adaptation and Learning - 11th International Symposium, ISoLA 2022,

                  Rhodes, Greece, October 22-30, 2022, Proceedings, Part {III}},

  series       = {Lecture Notes in Computer Science},

  volume       = {13703},

  pages        = {393--405},

  publisher    = {Springer},

  year         = {2022},

  url          = {https://doi.org/10.1007/978-3-031-19759-8\_24},

  doi          = {10.1007/978-3-031-19759-8\_24},

  timestamp    = {Tue, 21 Mar 2023 20:59:30 +0100},

  biburl       = {https://dblp.org/rec/conf/isola/LarsenLNSSS22.bib},

  bibsource    = {dblp computer science bibliography, https://dblp.org}

}

 

@inproceedings{Kim3,

  author       = {Edoardo Bacci and

                  David Parker},

  editor       = {Nathalie Bertrand and

                  Nils Jansen},

  title        = {Probabilistic Guarantees for Safe Deep Reinforcement Learning},

 booktitle    = {Formal Modeling and Analysis of Timed Systems - 18th International

                  Conference, {FORMATS} 2020, Vienna, Austria, September 1-3, 2020,

                  Proceedings},

  series       = {Lecture Notes in Computer Science},

  volume       = {12288},

  pages        = {231--248},

  publisher    = {Springer},

  year         = {2020},

  url          = {https://doi.org/10.1007/978-3-030-57628-8\_14},

  doi          = {10.1007/978-3-030-57628-8\_14},

  timestamp    = {Sat, 19 Sep 2020 13:19:48 +0200},

  biburl       = {https://dblp.org/rec/conf/formats/Bacci020.bib},

  bibsource    = {dblp computer science bibliography, https://dblp.org}

}

 
@article{dcdcconverter,
  title={Direct voltage control of {DC}-{DC} boost converters using enumeration-based model predictive control},
  author={Karamanakos, Petros and Geyer, Tobias and Manias, Stefanos},
  journal={IEEE Transactions on Power Electronics},
  volume={29},
  number={2},
  pages={968--978},
  year={2013},
  publisher={IEEE}
}

@inproceedings{playball,
  author    = {Manfred Jaeger and
               Peter Gj{\o}l Jensen and
               Kim Guldstrand Larsen and
               Axel Legay and
               Sean Sedwards and
               Jakob Haahr Taankvist},
  @editor    = {Yu{-}Fang Chen and
               Chih{-}Hong Cheng and
               Javier Esparza},
  title     = {Teaching {S}tratego to Play Ball: Optimal Synthesis for Continuous Space
               {MDP}s},
  booktitle = {{ATVA}},
  series    = {LNCS},
  volume    = {11781},
  pages     = {81--97},
  publisher = {Springer},
  year      = {2019},
  @url       = {https://doi.org/10.1007/978-3-030-31784-3\_5},
  doi       = {10.1007/978-3-030-31784-3\_5}
}